@InProceedings{ajoodha17,
author = "Ritesh Ajoodha and Benjamin Rosman",
title = "Tracking influence between na√Øve Bayes models using score-based structure learning",
booktitle = "2017 Pattern Recognition Association of South Africa and Robotics and Mechatronics (PRASA-RobMech)",
year = 2017,
month = nov,
publisher = "IEEE"
}

@InProceedings{ajoodha18,
author = "Ritesh Ajoodha and Benjamin Rosman",
title = "Learning the Influence Structure between Partially Observed Stochastic Processes Using IoT Sensor Data",
booktitle = "Workshops at the Thirty-Second AAAI Conference on Artificial Intelligence",
year = 2018,
publisher = "AAAI Publications"
}

@InProceedings{Pan05,
author="Rong Pan and Zhongli Ding and Yang Yu and Yun Peng",
title="A {B}ayesian Network Approach to Ontology Mapping",
booktitle="The Semantic Web -- ISWC 2005",
year="2005",
publisher="Springer Berlin Heidelberg",
pages="563--577",
isbn="978-3-540-32082-1"
}

@Book{koller09,
title="Probabilistic Graphical Models - Principles and Techniques",
author="Daphne Koller and Nir Friedman",
year=2009,
publisher="MIT Press"
}

@article{schwarz78,
author = "Gideon Schwarz",
doi = "10.1214/aos/1176344136",
journal = "The Annals of Statistics",
month = "03",
number = "2",
pages = "461--464",
publisher = "The Institute of Mathematical Statistics",
title = "Estimating the Dimension of a Model",
url = "https://doi.org/10.1214/aos/1176344136",
volume = "6",
year = "1978"
}

@Book{pearl88,
author = {Judea Pearl},
title = {Probabilistic Reasoning in Intelligent Systems: Networks of Plausible Inference},
publisher = {Morgan Kaufmann},
year = {1988}
}

@Book{norvig94,
author = {Peter Norvig and Stuart J. Russell},
title = {Artificial Intelligence: A Modern Approach},
publisher = {Prentice Hall},
year = {1994},
month = {December}
}

@Article{pearl86,
author = {Judea Pearl},
title = {Fusion, propagation, and structuring in belief networks},
journal = {Artificial Intelligence},
year = {1986},
volume = {29},
number = {3},
month = {September}
}

@inProceedings{verma91,
 author = {Thomas Verma and Judea Pearl},
 title = {Equivalence and Synthesis of Causal Models},
 booktitle = {Proceedings of the Sixth Annual Conference on Uncertainty in Artificial Intelligence},
 series = {UAI '90},
 year = {1991},
 isbn = {0-444-89264-8},
 pages = {255--270},
 numpages = {16},
 url = {http://dl.acm.org/citation.cfm?id=647233.719736},
 acmid = {719736},
 publisher = {Elsevier Science Inc.},
 address = {New York, NY, USA}
} 

@Article{cooper92,
author="Gregory F. Cooper and Edward Herskovits",
title="A Bayesian method for the induction of probabilistic networks from data",
journal="Machine Learning",
year="1992",
month="Oct",
day="01",
volume="9",
number="4",
pages="309--347",
issn="1573-0565",
doi="10.1007/BF00994110",
url="https://doi.org/10.1007/BF00994110"
}

@Inbook{akaike98,
author="Hirotogu Akaike",
editor="Parzen, Emanuel and Tanabe, Kunio and Kitagawa, Genshiro",
title="Information Theory and an Extension of the Maximum Likelihood Principle",
bookTitle="Selected Papers of Hirotugu Akaike",
year="1998",
publisher="Springer New York",
address="New York, NY",
pages="199--213",
isbn="978-1-4612-1694-0",
doi="10.1007/978-1-4612-1694-0_15",
url="https://doi.org/10.1007/978-1-4612-1694-0_15"
}

@Article{heckerman95,
author="Heckerman, David
and Geiger, Dan
and Chickering, David M.",
title="Learning Bayesian networks: The combination of knowledge and statistical data",
journal="Machine Learning",
year="1995",
month="Sep",
day="01",
volume="20",
number="3",
pages="197--243",
issn="1573-0565",
doi="10.1007/BF00994016",
url="https://doi.org/10.1007/BF00994016"
}

@Inbook{chickering96,
author="Chickering, David Maxwell",
editor="Fisher, Doug
and Lenz, Hans-J.",
title="Learning Bayesian Networks is NP-Complete",
bookTitle="Learning from Data: Artificial Intelligence and Statistics V",
year="1996",
publisher="Springer New York",
address="New York, NY",
pages="121--130",
isbn="978-1-4612-2404-4",
doi="10.1007/978-1-4612-2404-4_12",
url="https://doi.org/10.1007/978-1-4612-2404-4_12"
}

@article{glover86,
title = "Future paths for integer programming and links to artificial intelligence",
journal = "Computers \& Operations Research",
volume = "13",
number = "5",
pages = "533 - 549",
year = "1986",
note = "Applications of Integer Programming",
issn = "0305-0548",
doi = "https://doi.org/10.1016/0305-0548(86)90048-1",
url = "http://www.sciencedirect.com/science/article/pii/0305054886900481",
author = "Fred Glover"
}






