@book{watanabe_2013,
    title={Difficult Sudoku Puzzles Created by Replica Exchange Monte Carlo Method},
    note="\url {https://arxiv.org/abs/1303.1886}",
    publisher={Arxiv - Cornell University},
    author={Watanabe, Hiroshi},
    year={2013},
    month={Mar}
} 

@misc{fontaine_2012,
  author = {Fontaine, Dimitri},
  title = {Solving Every Sudoku Puzzle},
  year = {2012},
  month = {Jul},
  publisher = {GitHub},
  journal = {GitHub Repository},
  note = "\url{https://github.com/dimitri/sudoku}"
}
@misc{sudoku_17, 
    author = {Gary McGuire, Bastian Tugemann, Gilles Civario},
    title = {Solving the Sudoku Minimum Number of Clues Problem},
    year = {2013},
    month = {September},
    publisher = {Cornell University Library},
    note = "\url{https://arxiv.org/abs/1201.0749}"

}