@Unpublished{wang19,
author = "Hairong Wang",
title = "{COMS4040A \& COMS7045A: High Performance
Computing \& Scientific Data Management - Introduction to CUDA C}",
year = 2019
}

@Misc{nvidia19,
author = {Nvidia},
title = "{CUDA C Programming Guide}",
year = {2019},
month = {March},
version = {10.1}
}

