@Article{altman92,
author = {Naomi Altman},
title = {An Introduction to Kernel and Nearest-Neighbor Nonparametric Regression},
journal = {The American Statistician},
year = {1992},
volume = {46},
number = {3},
pages = {175-185},
publisher = {Taylor and Francis}
}

@Article{liao02,
author = {Yihua Liao and V. Rao Vemuri},
title = {Use of K-Nearest Neighbor classifier for intrusion detection},
journal = {Computers and Security},
year = {2002},
OPTvolume = {21},
OPTpages = {439-448}
}

@Article{kwon03,
author = {Oh-Woog Kwon and Jong-Hyeok Lee},
title = {Text categorization based on k-nearest neighbor approach for Web site classification},
journal = {Information Processing and Management},
year = {2003},
OPTvolume = {39},
OPTpages = {25-44},
OPTmonth = {January}
}

@Article{kowalski72,
author = {B. R. Kowalski and C. F. Bender},
title = {K-Nearest Neighbor Classification Rule (pattern recognition) applied to nuclear magnetic resonance spectral interpretation},
journal = {Analytical Chemistry},
year = {1972},
OPTvolume = {44},
OPTpages = {1405â€“1411},
OPTmonth = {July}
}

@Article{habermann72,
author = {A. Nico Habermann},
title = {Parallel neighbor-sort (or the glory of the induction principle)},
year = {1972},
}
