@conference{chung05,
    author    = "Edward Chung and O. Ohtani and H. Warita and Masao Kuwahara and H. Morita",
    title     = "Effect of rain on travel demand and traffic accidents",
    booktitle = " Proceedings. 2005 IEEE Intelligent Transportation Systems, 2005",
    year      = "2005",
    month    = "September",
    publisher= "IEEE",
}